@misc{trevisan10,
  title = {{CS254 Lecture 7 --- Valiant--Vazirani}},
  author = {Luca Trevisan},
  month = apr,
  day = 29,
  year = 2010,
  url = {http://lucatrevisan.wordpress.com/2010/04/29/cs254-lecture-7-valiant-vazirani}
}

@book{ab09,
  author = {Sanjeev Arora and Boaz Barak},
  title = {{Computational Complexity: A Modern Approach}},
  year = {2009},
  isbn = {0521424267},
  publisher = {Cambridge University Press},
  edition = {1},
}
